@manual{pyt,
	title = {The Hitchhiker's Guide to Python},
	author = {Kenneth Reitz},
	organization = {O'Reily Books},
	year = {2016}
}

@manual{dox,
	title = {Documenting the code},
	author = {Doxygen},
	organization = {Doxygen},
	year = {2016}
}

@manual{mas,
	title = {Mastering Markdown},
	author = {Github Guides},
	organization = {Github},
	year = {2014}
}

@manual{boo,
	title = {Getting started with Bootstrap},
	author = {},
	organization = {Get Bootstrap},
	year = {2016}
}

@manual{dja,
	title = {Django Documentation},
	author = {},
	organization = {Django},
	year = {2014}
}

@manual{res,
	title = {Best Practices for building RESTful services},
	author = {Deepak Kumar},
	organization = {Infosys},
	year = {2015}
}

@manual{bas07,
	title = {Base HTTP Server},
	author = {},
	organization = {Python},
	year = {2016}
}

